<record><leader>00000cas a22000007a 4500</leader><controlfield tag="001">27719666</controlfield><controlfield tag="008">930312d19uu19uuarusr ne      0    0eng d</controlfield><datafield ind1=" " ind2=" " tag="010"><subfield code="a">sn 93050475 </subfield></datafield><datafield ind1=" " ind2=" " tag="040"><subfield code="a">ANU</subfield><subfield code="b">eng</subfield><subfield code="c">ANU</subfield><subfield code="d">OCLCQ</subfield><subfield code="d">OCLCF</subfield><subfield code="d">OCLCO</subfield></datafield><datafield ind1=" " ind2=" " tag="042"><subfield code="a">msc</subfield></datafield><datafield ind1="0" ind2=" " tag="130"><subfield code="a">Hill-billy news (Winslow, Ark.)</subfield></datafield><datafield ind1="1" ind2="0" tag="245"><subfield code="a">Hill-billy news.</subfield></datafield><datafield ind1="3" ind2="0" tag="246"><subfield code="a">Hillbilly news</subfield></datafield><datafield ind1=" " ind2=" " tag="260"><subfield code="a">Gayler Mountain, Winslow, Ark. :</subfield><subfield code="b">Gene Barnes</subfield></datafield><datafield ind1=" " ind2=" " tag="300"><subfield code="a">v.</subfield></datafield><datafield ind1=" " ind2=" " tag="310"><subfield code="a">Semimonthly</subfield></datafield><datafield ind1=" " ind2=" " tag="500"><subfield code="a">Title varies slightly.</subfield></datafield><datafield ind1=" " ind2=" " tag="500"><subfield code="a">Later published in Fort Smith, Ark.?</subfield></datafield><datafield ind1=" " ind2=" " tag="588"><subfield code="a">Description based on: Vol. 4, no. 1 (Mar. 1, 1942).</subfield></datafield><datafield ind1=" " ind2="0" tag="650"><subfield code="a">American wit and humor</subfield><subfield code="v">Newspapers.</subfield></datafield><datafield ind1=" " ind2="4" tag="651"><subfield code="a">Ozark Mountains</subfield><subfield code="x">Social life and customs</subfield><subfield code="v">Newspapers.</subfield></datafield><datafield ind1=" " ind2="7" tag="655"><subfield code="a">Newspapers.</subfield><subfield code="2">fast</subfield><subfield code="0">(OCoLC)fst01423814</subfield></datafield><datafield ind1=" " ind2="7" tag="650"><subfield code="a">American wit and humor.</subfield><subfield code="2">fast</subfield><subfield code="0">(OCoLC)fst00807457</subfield></datafield><datafield ind1=" " ind2=" " tag="752"><subfield code="a">United States</subfield><subfield code="b">Arkansas</subfield><subfield code="c">Washington</subfield><subfield code="d">Winslow.</subfield></datafield></record>